@article{bajari2010estimating,
  title={Estimating static models of strategic interactions},
  author={Bajari, Patrick and Hong, Han and Krainer, John and Nekipelov, Denis},
  journal={Journal of Business \& Economic Statistics},
  volume={28},
  number={4},
  pages={469--482},
  year={2010},
  publisher={Taylor \& Francis}
}

@article{jia2008happens,
  title={What happens when Wal-Mart comes to town: An empirical analysis of the discount retailing industry},
  author={Jia, Panle},
  journal={Econometrica},
  volume={76},
  number={6},
  pages={1263--1316},
  year={2008},
  publisher={Wiley Online Library}
}

@article{ellison2011strategic,
  title={Strategic entry deterrence and the behavior of pharmaceutical incumbents prior to patent expiration},
  author={Ellison, Glenn and Ellison, Sara Fisher},
  journal={American Economic Journal: Microeconomics},
  volume={3},
  number={1},
  pages={1--36},
  year={2011}
}

@article{hall2000testing,
  title={Testing for monotonicity of a regression mean by calibrating for linear functions},
  author={Hall, Peter and Heckman, Nancy E},
  journal={Annals of Statistics},
  pages={20--39},
  year={2000},
  publisher={JSTOR}
}