@article{galenianos2020regulatory,
  title={Regulatory interventions in consumer financial markets: The case of credit cards},
  author={Galenianos, Manolis and Gavazza, Alessandro},
  journal={Available at SSRN 3405897},
  year={2020}
}

@article{allen2014effect,
  title={The effect of mergers in search markets: Evidence from the Canadian mortgage industry},
  author={Allen, Jason and Clark, Robert and Houde, Jean-Fran{\c{c}}ois},
  journal={American Economic Review},
  volume={104},
  number={10},
  pages={3365--96},
  year={2014}
}

@article{allen2019search,
  title={Search frictions and market power in negotiated-price markets},
  author={Allen, Jason and Clark, Robert and Houde, Jean-Fran{\c{c}}ois},
  journal={Journal of Political Economy},
  volume={127},
  number={4},
  pages={1550--1598},
  year={2019},
  publisher={The University of Chicago Press Chicago, IL}
}

@article{stango2016borrowing,
  title={Borrowing high versus borrowing higher: price dispersion and shopping behavior in the US credit card market},
  author={Stango, Victor and Zinman, Jonathan},
  journal={The Review of Financial Studies},
  volume={29},
  number={4},
  pages={979--1006},
  year={2016},
  publisher={Oxford University Press}
}

@techreport{agarwal2020searching,
  title={Searching for approval},
  author={Agarwal, Sumit and Grigsby, John and Horta{\c{c}}su, Ali and Matvos, Gregor and Seru, Amit and Yao, Vincent},
  year={2020},
  institution={National Bureau of Economic Research}
}


% mutual funds
@article{hortaccsu2004product,
  title={Product differentiation, search costs, and competition in the mutual fund industry: A case study of S\&P 500 index funds},
  author={Horta{\c{c}}su, Ali and Syverson, Chad},
  journal={The Quarterly journal of economics},
  volume={119},
  number={2},
  pages={403--456},
  year={2004},
  publisher={MIT Press}
}